<?xml version="1.0" encoding="UTF-8"?><collection xmlns="http://www.loc.gov/MARC21/slim"><record><leader>00424nam--2200133-i-4500</leader><controlfield tag="001">000042930</controlfield><controlfield tag="002">20161230</controlfield><controlfield tag="005">20161230201043</controlfield><controlfield tag="008">060222s1000------------r-----000-0-eng-d</controlfield><datafield ind1=" " ind2=" " tag="100"><subfield code="a">Steyskil,H</subfield></datafield><datafield ind1=" " ind2=" " tag="245"><subfield code="a">Arbeitsverfahren und stoffkunde der hochvakuumtechnik. technologie der elektronenrohren</subfield></datafield><datafield ind1=" " ind2=" " tag="260"><subfield code="a">Mosbach/Baden, Physik Verlag, 1955. 184 P</subfield></datafield><datafield ind1=" " ind2=" " tag="490"><subfield code="a">Phys.Schriften, Herausgegeben Von Ernest Bruche</subfield></datafield><datafield ind1=" " ind2=" " tag="852"><subfield code="a">12818</subfield></datafield></record></collection>